%% This BibTeX bibliography file was created using BibDesk.
%% http://bibdesk.sourceforge.net/


%% Created for mdg at 2013-11-20 09:51:04 -0500 


%% Saved with string encoding Unicode (UTF-8) 



@article{wilkinson1995a,
	Author = {Wilkinson, A.J. and Hirsch, P.B.},
	Date-Added = {2012-04-01 13:05:40 +0000},
	Date-Modified = {2012-04-01 13:06:29 +0000},
	Journal = {Phil.\ Mag A},
	Pages = {81-103},
	Title = {The effects of surface stress-relaxation on electron channelling contrast images of dislocations},
	Volume = {72},
	Year = {1995}}

@article{trager2007a,
	Author = {Trager-Cowan, C. and Sweeney, F. and Trimby, P.W. and Day, A.P. and Gholinia, A. and Schmidt, N.-H. and Parbrook, P.J. and Wilkinson, A.J. and Watson, I.M.},
	Date-Added = {2012-04-01 12:50:58 +0000},
	Date-Modified = {2012-04-01 12:53:07 +0000},
	Journal = {Phys. Rev. B},
	Pages = {085301},
	Title = {Electron backscatter diffraction and electron channeling contrast imaging of tilt and dislocations in nitride thin films},
	Volume = {75},
	Year = {2007}}

@article{gutierrez2009a,
	Author = {Gutierrez-Urrutia, I. and Zaefferer, S. and Raabe, D.},
	Date-Added = {2012-04-01 12:49:01 +0000},
	Date-Modified = {2012-04-01 12:50:53 +0000},
	Journal = {Scripta Mater.},
	Pages = {737-740},
	Title = {Electron channeling contrast imaging of twins and dislocations in twinning-induced plasticity steels under controlled diffraction conditions in a scanning electron microscope},
	Volume = {61},
	Year = {2009}}

@article{crimp2006a,
	Author = {Crimp, M.A.},
	Date-Added = {2012-04-01 12:47:35 +0000},
	Date-Modified = {2012-04-01 12:48:56 +0000},
	Journal = {Microscopy Research Technique},
	Pages = {374-381},
	Title = {Scanning Electron Microscopy Imaging of Dislocations in Bulk Materials, Using Electron Channeling Contrast},
	Volume = {69},
	Year = {2006}}

@article{talonen2007a,
	Author = {Talonen, J. and H{\"a}nninen, H.},
	Date-Added = {2012-04-01 12:45:36 +0000},
	Date-Modified = {2012-04-01 12:47:31 +0000},
	Journal = {Acta Mater.},
	Pages = {6108-6118},
	Title = {Formation of shear bands and strain-induced martensite during plastic deformation of metastable austenitic stainless steel},
	Volume = {55},
	Year = {2007}}

@article{weidner2011a,
	Author = {Weidner, A. and Martin, S. and Klemm, V. and Martin, U. and Biermann, H.},
	Date-Added = {2012-04-01 12:43:34 +0000},
	Date-Modified = {2012-04-01 12:45:29 +0000},
	Journal = {Scripta Mater.},
	Pages = {513-516},
	Title = {Stacking faults in high-alloyed metastable austenitic cast steel observed by electron channelling contrast imaging},
	Volume = {64},
	Year = {2011}}

@conference{hirsch1970a,
	Author = {Hirsch, P.B. and Humphrey, C.J.},
	Booktitle = {Proceedings 3rd Annual Scanning Electron Microscopy Conf.},
	Date-Added = {2011-12-30 15:53:07 +0000},
	Date-Modified = {2011-12-30 15:54:46 +0000},
	Pages = {449-455},
	Publisher = {ITT Research Institute},
	Title = {The dynamical theory of scanning electron microscope channelling patterns},
	Year = {1970}}

@article{rossouw1994a,
	Author = {Rossouw, C.J. and Miller, P.R. and Josefsson, T.W. and Allen, L.J.},
	Date-Added = {2011-12-30 15:40:55 +0000},
	Date-Modified = {2011-12-30 15:41:51 +0000},
	Journal = {Phil.\ Mag A},
	Pages = {985-998},
	Title = {Zone axis back-scattered electron contrast for fast electrons},
	Volume = {70},
	Year = {1994}}

@article{marthinsen1986a,
	Author = {Marthinsen, K. and Hoier, R.},
	Date-Added = {2011-12-30 15:39:27 +0000},
	Date-Modified = {2011-12-30 15:40:13 +0000},
	Journal = {Acta Crystall. A},
	Pages = {484-492},
	Title = {Many-beam effects and phase information in electron channelling patterns},
	Volume = {42},
	Year = {1986}}

@article{kambe1974a,
	Author = {Kambe, K. and Lehmpfuhl, G. and Fujimoto, F.},
	Date-Added = {2011-12-30 15:37:33 +0000},
	Date-Modified = {2011-12-30 15:38:56 +0000},
	Journal = {Z. Natur. A},
	Pages = {1034-1044},
	Title = {Interpretation of electron channeling by the dynamical theory of electron diffraction},
	Volume = {29},
	Year = {1974}}

@article{crimp2001a,
	Author = {Crimp, M.A. and Simkin, B.A. and Ng, B.C.},
	Date-Added = {2011-12-30 15:31:57 +0000},
	Date-Modified = {2011-12-30 15:34:34 +0000},
	Journal = {Phil. Mag. Lett.},
	Pages = {833-837},
	Title = {Demonstration of the $\mathbf{g}\cdot\mathbf{b}\times\mathbf{u}=0$ edge dislocation invisibility criterion for electron channelling contrast imaging},
	Volume = {81},
	Year = {2001}}

@article{joy1972a,
	Author = {Joy, D.C. and Newbury, D.E.},
	Date-Added = {2011-12-30 15:29:30 +0000},
	Date-Modified = {2011-12-30 15:31:21 +0000},
	Journal = {J. Mater. Sci.},
	Pages = {714-716},
	Title = {Scanning electron microscope selected area channelling patterns from 1 micron specimen areas},
	Volume = {7},
	Year = {1972}}

@article{wilkinson2000a,
	Author = {Wilkinson, A.J.},
	Date-Added = {2011-12-29 14:10:31 +0000},
	Date-Modified = {2011-12-29 14:11:06 +0000},
	Journal = {J. Elec. Microsc.},
	Pages = {299-310},
	Title = {Advances in SEM-based diffraction studies of defects and strains in semiconductors},
	Volume = {49},
	Year = {2000}}

@article{dewolf2003a,
	Author = {De Wolf, I. and Senez, V. and Balboni, R. and Armigliato, A. and Frabboni, S. and Cedola, A. and Lagomarsino, S.},
	Date-Added = {2011-12-29 14:05:40 +0000},
	Date-Modified = {2011-12-29 14:08:04 +0000},
	Journal = {Microelectron. Eng},
	Pages = {425-435},
	Title = {Techniques for mechanical strain analysis in sub-micrometer structures: {TEM/CBED}, micro-{R}aman spectroscopy, {X}-ray microdiffraction and modeling},
	Volume = {70},
	Year = {2003}}

@article{kozubowski1991a,
	Author = {Kozubowski, J.A. and Keller, R.R. and Gerberich, W.W.},
	Date-Added = {2011-12-29 14:03:00 +0000},
	Date-Modified = {2011-12-29 14:03:54 +0000},
	Journal = {J. Appl. Cryst.},
	Pages = {102-107},
	Title = {Effects of Tetragonal Distortion in Thin Epitaxial-Films on Electron Channeling Patterns in Scanning Electron-Microscopy},
	Volume = {24},
	Year = {1991}}

@article{kozubowski1988a,
	Author = {Kozubowski, J.A. and Gerberich, W.W. and Stefanski, T.},
	Date-Added = {2011-12-29 14:02:13 +0000},
	Date-Modified = {2011-12-29 14:02:58 +0000},
	Journal = {J. Mater. Res.},
	Pages = {710-713},
	Title = {Measurement of Small Elastic Strains in Silicon Using Electron Channeling Patterns},
	Volume = {3},
	Year = {1988}}

@article{gerberich1990a,
	Author = {Gerberich, W.W. and Davidson, D.L. and Kaczorowski, M.},
	Date-Added = {2011-12-29 14:01:05 +0000},
	Date-Modified = {2011-12-29 14:02:10 +0000},
	Journal = {J. Mech. Phys. Sol.},
	Pages = {87-113},
	Title = {Experimental and theoretical strain distributions for stationary and growing cracks},
	Volume = {38},
	Year = {1990}}

@article{yang2012a,
	Author = {Yang, K.-H. and Ho, N.-J. and Lu, H.-Y.},
	Date-Added = {2011-12-29 13:46:17 +0000},
	Date-Modified = {2011-12-29 13:47:27 +0000},
	Journal = {J. Am. Ceram. Soc.},
	Title = {Plastic Deformation of $\langle 001\rangle$ Single-Crystal {SrTiO}$_3$ by Compression at Room Temperature},
	Volume = {in press},
	Year = {2012}}

@article{jiang2011a,
	Author = {Jiang, W. and Kamaladasa, R.J. and Lu, Y. and Berechman, R. and Salvador, P.A. and Bain, J.A. and Picard, Y.N. and Skowronski, M.},
	Date-Added = {2011-12-29 13:43:38 +0000},
	Date-Modified = {2011-12-29 13:44:51 +0000},
	Journal = {J. Appl. Phys.},
	Pages = {054514},
	Title = {Local heating-induced plastic deformation in resistive switching devices},
	Volume = {110},
	Year = {2011}}

@article{kamaladasa2011b,
	Author = {Kamaladasa, R.J. and Liu, F. and Porter, L.M. and Davis, R.F. and Koleske, D.D. and Mulholland, G. and Jones, K.A. and Picard, Y.N.},
	Date-Added = {2011-12-29 13:22:41 +0000},
	Date-Modified = {2011-12-29 13:24:54 +0000},
	Journal = {J. Microsc.},
	Pages = {311-319},
	Title = {Identifying threading dislocations in GaN films and substrates by electron channeling},
	Volume = {244},
	Year = {2011}}

@article{kamaladasa2011a,
	Author = {Kamaladasa, R.J. and Picard, Y.N.},
	Date-Added = {2011-12-29 13:20:47 +0000},
	Date-Modified = {2011-12-29 13:22:19 +0000},
	Journal = {J. Electronic Materials},
	Pages = {2222-2227},
	Title = {Imaging dislocations in single-crystal {SrTiO}$_3$ substrates by electron channeling},
	Volume = {40},
	Year = {2011}}

@book{hirsch1977a,
	Author = {Hirsch, P.B. and Howie, A. and Nicholson, R.B. and Pashley, D.W. and Whelan, M.J.},
	Date-Added = {2011-12-12 13:20:26 +0000},
	Date-Modified = {2011-12-12 13:20:26 +0000},
	Publisher = {Roberts E. Krieger Publishing Company, Malabar, Florida},
	Title = {Electron {M}icroscopy of {T}hin {C}rystals (2nd revised edition)},
	Year = 1977}

@article{tholen1970a,
	Author = {Th{\"o}l{\'e}n, A.R.},
	Date-Added = {2011-12-12 12:22:48 +0000},
	Date-Modified = {2011-12-12 12:22:48 +0000},
	Journal = {Phil.\ Mag.},
	Pages = {175-182},
	Title = {A {R}apid {M}ethod for {O}btaining {E}lectron {M}icroscope {C}ontrast {M}aps of {V}arious {L}attice {D}efects},
	Volume = {22},
	Year = 1970}

@article{gevers1966a,
	Author = {Gevers, R. and Blank, H. and Amelinckx, S.},
	Date-Added = {2011-12-12 12:21:55 +0000},
	Date-Modified = {2011-12-12 12:21:55 +0000},
	Journal = pss,
	Pages = {449-465},
	Title = {Extension of the {H}owie-{W}helan {E}quations for {E}lectron {D}iffraction to {N}on-{C}entro {S}ymmetrical {C}rystals},
	Volume = 13,
	Year = 1966}

@article{humphreys1979a,
	Author = {Humphreys, C.J.},
	Date-Added = {2011-12-12 12:21:02 +0000},
	Date-Modified = {2011-12-12 12:21:02 +0000},
	Journal = {Rep.\ Prog.\ Phys.},
	Pages = {1825-1887},
	Title = {The {S}cattering of {F}ast {E}lectrons by {C}rystals},
	Volume = {42},
	Year = 1979}

@article{picard2009a,
	Author = {Picard, Y.N. and Twigg, M.E. and Caldwell, J.D. and Eddy, C.R. and Mastro, M.A. and Holm, R.T.},
	Date-Added = {2011-12-09 13:13:03 +0000},
	Date-Modified = {2011-12-09 13:14:51 +0000},
	Journal = {Scripta Mater.},
	Pages = {773-776},
	Title = {Resolving the {Burgers} vector for individual {GaN} dislocations by electron channeling contrast imaging},
	Volume = {61},
	Year = {2009}}

@article{twigg2009a,
	Author = {Twigg, M.E. and Picard, Y.N.},
	Date-Added = {2011-12-09 13:11:46 +0000},
	Date-Modified = {2011-12-09 13:12:28 +0000},
	Journal = {J. Appl. Phys.},
	Pages = {093520},
	Title = {Simulation and analysis of electron channeling contrast images of threading screw dislocations in {4H-SiC}},
	Volume = {105},
	Year = {2009}}

@article{winkelmann2007a,
	Author = {Winkelmann, A. and Trager-Cowan, C. and Sweeney, F. and Day, A.P. and Parbrook, P.},
	Date-Added = {2011-12-09 13:10:06 +0000},
	Date-Modified = {2011-12-09 13:11:02 +0000},
	Journal = {Ultramicroscopy},
	Pages = {414-421},
	Title = {Many-beam dynamical simulation of electron backscatter diffraction patterns},
	Volume = {107},
	Year = {2007}}

@article{dudarev1999a,
	Author = {Dudarev, S.L. and Ahmed, J. and Hirsch, P.B. and Wilkinson, A.J.},
	Date-Added = {2011-12-09 13:08:30 +0000},
	Date-Modified = {2011-12-09 13:09:16 +0000},
	Journal = {Acta Crystall. A},
	Pages = {234-245},
	Title = {Decoherence in electron backscattering by kinked dislocations},
	Volume = {55},
	Year = {1999}}

@article{dudarev1995a,
	Author = {Dudarev, S.L. and Rez, P. and Whelan, M.J.},
	Date-Added = {2011-12-09 13:07:02 +0000},
	Date-Modified = {2011-12-09 13:07:52 +0000},
	Journal = {Phys. Rev. B},
	Pages = {3397-3405},
	Title = {Theory of electron backscattering from crystals},
	Volume = {51},
	Year = {1995}}

@article{spencer1980a,
	Author = {Spencer, J.P. and Humphrey, C.J.},
	Date-Added = {2011-12-09 13:05:52 +0000},
	Date-Modified = {2011-12-09 13:06:40 +0000},
	Journal = {Phil.\ Mag A},
	Pages = {433-451},
	Title = {A multiple-scattering transport-theory for electron channeling patterns},
	Volume = {42},
	Year = {1980}}

@article{spencer1972a,
	Author = {Spencer, J.P. and Hirsch, P.B. and Humphrey, C.J.},
	Date-Added = {2011-12-09 13:03:28 +0000},
	Date-Modified = {2011-12-09 13:04:14 +0000},
	Journal = {Phil. Mag.},
	Pages = {193-213},
	Title = {Dynamical theory for contrast of perfect and imperfect crystals in scanning electron-microscope using backscattered electrons},
	Volume = {26},
	Year = {1972}}

@article{clarke1971a,
	Author = {Clarke, D.R. and Howie, A.},
	Date-Added = {2011-12-09 13:02:44 +0000},
	Date-Modified = {2011-12-09 13:03:20 +0000},
	Journal = {Phil. Mag.},
	Pages = {959-971},
	Title = {Calculations of lattice defect images for scanning electron microscopy},
	Volume = {24},
	Year = {1971}}

@article{booker1967a,
	Author = {Booker, G.R. and Shaw, A.M.B. and Whelan, M.J. and Hirsch, P.B.},
	Date-Added = {2011-12-09 12:58:22 +0000},
	Date-Modified = {2011-12-09 12:59:55 +0000},
	Journal = {Phil. Mag.},
	Pages = {1185-1191},
	Title = {Some comments on interpretation of {Kikuchi-like} reflection patterns observed by scanning electron microscopy},
	Volume = {16},
	Year = {1967}}

@article{coates1967a,
	Author = {Coates, D.G.},
	Date-Added = {2011-12-09 12:55:31 +0000},
	Date-Modified = {2011-12-09 12:56:11 +0000},
	Journal = {Phil. Mag.},
	Pages = {1179-1185},
	Title = {Kikuchi-like reflection patterns obtained with scanning electron microscope},
	Volume = {16},
	Year = {1967}}

@article{Yoffe1960a,
	Author = {Yoffe, E.},
	Date-Added = {2011-07-26 08:19:24 -0400},
	Date-Modified = {2011-07-26 08:20:16 -0400},
	Journal = {Phil. Mag.},
	Pages = {161-175},
	Title = {The angular dislocation},
	Volume = {5},
	Year = {1960}}

@article{yoffe1961a,
	Author = {Yoffe, E.},
	Date-Added = {2011-07-26 08:18:27 -0400},
	Date-Modified = {2011-07-26 08:19:20 -0400},
	Journal = {Phil. Mag.},
	Pages = {1147-1155},
	Title = {A dislocation at a free surface},
	Volume = {6},
	Year = {1961}}

@article{shaibani1981a,
	Author = {Shaibani, S.J. and Hazzledine, P.M.},
	Date-Added = {2011-07-26 08:15:22 -0400},
	Date-Modified = {2011-07-26 08:17:30 -0400},
	Journal = {Phil.\ Mag A},
	Pages = {657-665},
	Title = {The displacement and stress fields of a general dislocation close to a free surface of an isotropic solid},
	Volume = {44},
	Year = {1981}}

@article{degraef1992g,
	Author = {Janssens, K.G.F. and Vanhellemont, J. and De Graef, M. and Van der Biest, O.},
	Date-Added = {2011-07-26 08:15:01 -0400},
	Date-Modified = {2011-07-26 08:15:01 -0400},
	Journal = {Ultramicroscopy},
	Pages = {323-335},
	Title = {{SIMCON}~: a versatile software package for the simulation of electron diffraction contrast images of arbitrary displacement fields},
	Volume = {45},
	Year = {1992}}

@article{degraef2011a,
	Author = {Phillips, P.J. and Mills, M. and De Graef, M.},
	Date-Added = {2011-07-26 08:12:59 -0400},
	Date-Modified = {2011-07-26 08:12:59 -0400},
	Journal = {Philosophical Magazine A},
	Pages = {2081-2101},
	Title = {Systematic row and zone axis {STEM} defect image simulations},
	Volume = {91},
	Year = {2011}}

@book{head1973a,
	Author = {Head, A.K. and Humble, P. and Clarebrough, L.M. and Morton, A.J. and Forwood, C.T.},
	Date-Added = {2011-07-26 08:12:11 -0400},
	Date-Modified = {2011-07-26 08:12:11 -0400},
	Publisher = {North Holland Publishing Company},
	Series = {Defects in {C}rystalline {S}olids, edited by Amelinckx, S. and Gevers, R. and Nihoul, J.},
	Title = {Computed Electron Micrographs and Defect Identification},
	Volume = {7},
	Year = 1973}

@book{degraef2003b,
	Author = {De Graef, M.},
	Date-Added = {2011-07-20 06:40:48 -0400},
	Date-Modified = {2011-07-20 06:40:48 -0400},
	Publisher = {Cambridge University Press},
	Title = {Introduction to {C}onventional {T}ransmission {E}lectron {M}icroscopy},
	Year = {2003}}

@article{degraef2010e,
	Author = {Phillips, P.J. and De Graef, M. and Mills, M.},
	Date-Added = {2011-07-20 06:39:42 -0400},
	Date-Modified = {2011-07-20 06:39:42 -0400},
	Journal = {Microscopy and MicroAnalysis},
	Pages = {746CD},
	Title = {{STEM} stacking faults analysis in {N}i-based superalloys},
	Volume = {16},
	Year = {2010}}

@article{sturkey1962a,
	Author = {Sturkey, L.},
	Date-Added = {2011-07-20 06:38:56 -0400},
	Date-Modified = {2011-07-20 06:38:56 -0400},
	Journal = {Proc.\ Phys.\ Soc.},
	Pages = {321-354},
	Title = {The {C}alculation of {E}lectron {D}iffraction {I}ntensities},
	Volume = 80,
	Year = 1962}

@article{weickenmeier1991a,
	Author = {Weickenmeier, A. and Kohl, H.},
	Date-Added = {2011-07-20 06:38:18 -0400},
	Date-Modified = {2011-07-20 06:47:51 -0400},
	Journal = {Acta Crystall. A},
	Pages = {590-597},
	Title = {Computation of {A}bsorptive {F}orm {F}actors for {H}igh-{E}nergy {E}lectron {D}iffraction},
	Volume = 47,
	Year = 1991}

@article{winkelmann2003a,
	Author = {Winkelmann, A. and Schr{\"o}ter, B. and Richter, W.},
	Date-Added = {2011-07-20 06:34:43 -0400},
	Date-Modified = {2011-07-20 06:35:47 -0400},
	Journal = {Surface Science},
	Pages = {869-874},
	Title = {Simulation of electron channelling patterns for in situ polytype analysis of silicon carbide films},
	Volume = {532-535},
	Year = {2003}}

@article{winkelmann2008a,
	Author = {Winkelmann, A. and Fadley, C.S. and de Abajo, F.J.G.},
	Date-Added = {2011-07-20 06:32:40 -0400},
	Date-Modified = {2011-07-20 06:33:48 -0400},
	Journal = {New J. Phys.},
	Pages = {113002},
	Title = {High-energy photoelectron diffraction: model calculations and future possibilities},
	Volume = {10},
	Year = {2008}}

@article{reimer1979a,
	Author = {Reimer, L.},
	Date-Added = {2011-07-18 08:10:04 -0400},
	Date-Modified = {2011-07-18 08:12:39 -0400},
	Journal = {Scanning},
	Pages = {3-19},
	Title = {Electron diffraction methods in {TEM}, {STEM}, and {SEM}},
	Volume = {2},
	Year = {1979}}

@incollection{reimer1985a,
	Address = {Berlin},
	Author = {Reimer, L.},
	Booktitle = {Springer Series in Optical Sciences},
	Date-Added = {2011-07-18 08:08:26 -0400},
	Date-Modified = {2011-12-30 15:36:30 +0000},
	Editor = {Hawkes, P.W.},
	Publisher = {Springer-Verlag},
	Title = {Scanning Electron Microscopy: Physics of Image Formation and Microanalysis},
	Volume = {45},
	Year = {1985}}
